@comment{x-kbibtex-personnameformatting=<%l><, %f>}

@misc{WRPC-repo,
	author = "Serrano, Javier and Wlostowski, Tomasz",
	howpublished = "http://www.ohwr.org/projects/wr-cores/wiki/Wrpc\_core",
	title = "{WR PTP Core project}"
}

@misc{SPECSW-repo,
	author = "Rubini, Alessandro and Cobas, Juan David Gonzalez and Cattini, Matthieu",
	howpublished = "http://www.ohwr.org/projects/spec-sw",
	title = "{SPEC software project}"
}

@misc{Etherbone-repo,
	author = "Prados, Cesar and Lewis, Julian and Zweig, Marcus and Kreider, Mathias and Rauch, Stefan and Wlostowski, Tomasz and Terpstra, Wesley W.",
	howpublished = "http://www.ohwr.org/projects/etherbone-core",
	title = "{Etherbone project}"
}

@misc{WRPCSW-repo,
	author = "Daniluk, Grzegorz",
	howpublished = "http://www.ohwr.org/projects/wr-cores/wiki/Wrpc\_core",
	title = "{WRPC software project}"
}

@misc{Spec-board,
	author = "van der Bij, Erik and Serrano, Javier and Cattini, Matthieu and Wlostowski, Tomasz",
	howpublished = "http://www.ohwr.org/projects/spec",
	title = "{SPEC board project}"
}

@misc{WR-NIC,
	author = "Rat, Benoit and {Diaz Alonso}, Javier and {Jimenez Lopez}, Miguel",
	howpublished = "http://www.ohwr.org/projects/wr-nic",
	title = "{WR NIC project}"
}

@misc{WR-starting-kit,
	author = "Rat, Benoit and {Diaz Alonso}, Javier and {Jimenez Lopez}, Miguel",
	howpublished = "http://www.ohwr.org/projects/wr-starting-kit",
	title = "{WR Starting kit project}"
}

@misc{ohwr-repo,
	author = "community, OHWR",
	howpublished = "http://www.ohwr.org/",
	title = "{Open Hardware Repository}"
}

@misc{dio-fmc-repo,
	author = "van der Bij, Erik and Serrano, Javier",
	howpublished = "http://www.ohwr.org/projects/fmc-dio-5chttla",
	title = "{5 channel DIO FMC card project}"
}

@misc{gsi,
	author = "GSI",
	howpublished = "http://www.gsi.de/",
	title = "{GSI website}"
}

